<collection xmlns="http://www.loc.gov/MARC21/slim">
<record>
  <leader>00885nam0a2200217 i 450 </leader>
  <controlfield tag="001">IT\ICCU\CNCE\043406</controlfield>
  <controlfield tag="005">20120720000000.0</controlfield>
  <datafield tag="012" ind1=" " ind2=" ">
    <subfield code="a">u.m. rium c.c. pita (3) 1516 (R)</subfield>
    <subfield code="2">fei</subfield>
  </datafield>
  <datafield tag="100" ind1=" " ind2=" ">
    <subfield code="a">19981229d1516        0itac0103    ba</subfield>
  </datafield>
  <datafield tag="101" ind1=" " ind2=" ">
    <subfield code="a">LAT</subfield>
  </datafield>
  <datafield tag="102" ind1=" " ind2=" ">
    <subfield code="a">IT</subfield>
  </datafield>
  <datafield tag="200" ind1="1" ind2=" ">
    <subfield code="a">Formularium instrumentorum nouissime anno MDXVI summa lucubrazione vigilantique studio reuisum correctum et emendatum</subfield>
  </datafield>
  <datafield tag="210" ind1=" " ind2=" ">
    <subfield code="e">Rome</subfield>
    <subfield code="g">per Marcellum Silber cognomento Franck</subfield>
    <subfield code="h">1516 quartadecima Martij</subfield>
  </datafield>
  <datafield tag="215" ind1=" " ind2=" ">
    <subfield code="a">\8!, CC c.</subfield>
    <subfield code="d">4ʻ</subfield>
  </datafield>
  <datafield tag="620" ind1=" " ind2=" ">
    <subfield code="a">IT</subfield>
    <subfield code="d">Roma</subfield>
  </datafield>
  <datafield tag="712" ind1="0" ind2="0">
    <subfield code="a">Silber, Marcello</subfield>
    <subfield code="3">IT\ICCU\CNCT\000107</subfield>
    <subfield code="4">650</subfield>
  </datafield>
  <datafield tag="791" ind1="0" ind2="0">
    <subfield code="a">Franck, Marcellus</subfield>
    <subfield code="3">IT\ICCU\CNCT\002877</subfield>
    <subfield code="z">Silber, Marcello</subfield>
  </datafield>
  <datafield tag="791" ind1="0" ind2="0">
    <subfield code="a">Argenteus, Marcellus</subfield>
    <subfield code="3">IT\ICCU\CNCT\003186</subfield>
    <subfield code="z">Silber, Marcello</subfield>
  </datafield>
  <datafield tag="791" ind1="0" ind2="2">
    <subfield code="a">Magister Marcellus</subfield>
    <subfield code="3">IT\ICCU\CNCT\005664</subfield>
    <subfield code="z">Silber, Marcello</subfield>
  </datafield>
  <datafield tag="801" ind1=" " ind2="3">
    <subfield code="a">IT</subfield>
    <subfield code="b">ICCU</subfield>
    <subfield code="c">20201114</subfield>
  </datafield>
  <datafield tag="899" ind1=" " ind2=" ">
    <subfield code="a">Biblioteca Angelica. Roma</subfield>
    <subfield code="1">RM0290</subfield>
    <subfield code="2">RML 06</subfield>
  </datafield>
</record>
</collection>
